<record><leader>00000cas a22000007a 4500</leader><controlfield tag="001">15060042</controlfield><controlfield tag="008">870112d194219uutxuwr ne     o0    0eng d</controlfield><datafield ind1=" " ind2=" " tag="010"><subfield code="a">sn 86090605 </subfield></datafield><datafield ind1=" " ind2=" " tag="040"><subfield code="a">PPM</subfield><subfield code="b">eng</subfield><subfield code="c">PPM</subfield><subfield code="d">DLC</subfield><subfield code="d">PPM</subfield><subfield code="d">OCLCQ</subfield></datafield><datafield ind1=" " ind2=" " tag="042"><subfield code="a">msc</subfield></datafield><datafield ind1="0" ind2=" " tag="130"><subfield code="a">Alert (Kingsville, Tex. : 1942)</subfield></datafield><datafield ind1="1" ind2="4" tag="245"><subfield code="a">The alert.</subfield></datafield><datafield ind1=" " ind2=" " tag="260"><subfield code="a">Kingsville, Tex. :</subfield><subfield code="b">Naval Auxiliary Air Station, Kingsville Field</subfield></datafield><datafield ind1=" " ind2=" " tag="310"><subfield code="a">Weekly</subfield></datafield><datafield ind1="1" ind2=" " tag="362"><subfield code="a">Began in 1942?</subfield></datafield><datafield ind1=" " ind2=" " tag="530"><subfield code="a">Also on microfilm: Austin, Texas: The University of Texas, Center for American History.</subfield></datafield><datafield ind1=" " ind2=" " tag="588"><subfield code="a">Description based on: Vol. 2, no. 32 (July 2, 1943).</subfield></datafield><datafield ind1=" " ind2=" " tag="752"><subfield code="a">United States</subfield><subfield code="b">Texas</subfield><subfield code="c">Kleberg</subfield><subfield code="d">Kingsville.</subfield></datafield></record>